<record><leader>00000cas a22000007a 4500</leader><controlfield tag="001">16793268</controlfield><controlfield tag="008">871001d18591864nyuwr ne      0    0eng d</controlfield><datafield ind1=" " ind2=" " tag="010"><subfield code="a">sn 87070334 </subfield></datafield><datafield ind1=" " ind2=" " tag="040"><subfield code="a">NYS</subfield><subfield code="b">eng</subfield><subfield code="c">NYS</subfield><subfield code="d">NYG</subfield><subfield code="d">NYS</subfield><subfield code="d">OCL</subfield><subfield code="d">OCLCQ</subfield><subfield code="d">OCLCF</subfield><subfield code="d">OCLCO</subfield></datafield><datafield ind1="1" ind2=" " tag="029"><subfield code="a">AU@</subfield><subfield code="b">000020236837</subfield></datafield><datafield ind1=" " ind2=" " tag="042"><subfield code="a">msc</subfield></datafield><datafield ind1=" " ind2=" " tag="043"><subfield code="a">n-us-ny</subfield></datafield><datafield ind1="0" ind2=" " tag="130"><subfield code="a">Free press (Glens Falls, N.Y.)</subfield></datafield><datafield ind1="1" ind2="4" tag="245"><subfield code="a">The free press.</subfield></datafield><datafield ind1="3" ind2="0" tag="246"><subfield code="a">Glen's Falls free press</subfield></datafield><datafield ind1=" " ind2=" " tag="260"><subfield code="a">Glen's Falls, N.Y. :</subfield><subfield code="b">Z. Ellis</subfield></datafield><datafield ind1=" " ind2=" " tag="300"><subfield code="a">v.</subfield></datafield><datafield ind1=" " ind2=" " tag="310"><subfield code="a">Weekly</subfield></datafield><datafield ind1="1" ind2=" " tag="362"><subfield code="a">Began in 1859; ceased in 1864?</subfield></datafield><datafield ind1=" " ind2=" " tag="500"><subfield code="a">Issues for May 10, Aug. 9, 1862 titled: Glen's Falls free press.</subfield></datafield><datafield ind1=" " ind2=" " tag="588"><subfield code="a">Description based on: Vol. 9, no. 7 (Mar. 5, 1859).</subfield></datafield><datafield ind1=" " ind2="0" tag="651"><subfield code="a">Glens Falls (N.Y.)</subfield><subfield code="v">Newspapers.</subfield></datafield><datafield ind1=" " ind2="7" tag="655"><subfield code="a">Newspapers.</subfield><subfield code="2">fast</subfield><subfield code="0">(OCoLC)fst01423814</subfield></datafield><datafield ind1=" " ind2="7" tag="651"><subfield code="a">New York (State)</subfield><subfield code="z">Glens Falls.</subfield><subfield code="2">fast</subfield><subfield code="0">(OCoLC)fst01204876</subfield></datafield><datafield ind1=" " ind2=" " tag="752"><subfield code="a">United States</subfield><subfield code="b">New York</subfield><subfield code="c">Warren</subfield><subfield code="d">Glens Falls.</subfield></datafield><datafield ind1="0" ind2="0" tag="780"><subfield code="t">Glen's Falls free press</subfield><subfield code="w">(DLC)sn 84031381</subfield></datafield><datafield ind1="0" ind2="0" tag="785"><subfield code="t">Warren County union and Glens Falls press</subfield><subfield code="w">(DLC)sn 87070339</subfield></datafield></record>